@article{SAPELLI2002,
   title = {{Subsidios al alumno o a la escuela: efectos sobre la elección de colegios públicos}},
   journal = {{Cuadernos de economía}},
   author={Sapelli, Claudio AND Torche, Arístides},
   ISSN = {0717-6821},
   language = {es},
   URL = {http://www.scielo.cl/scielo.php?script=sci_arttext&pid=S0717-68212002011700002&nrm=iso},
   volume = {39},
   year = {2002},
   month = {08},
   pages = {175 - 202},
   publisher = {scielocl},
   crossref = {10.4067/S0717-68212002011700002},
   }
   
@article{gallego2010school,
  title={School choice in Chile: Looking at the demand side},
  author={Gallego, Francisco A and Hernando, Andrés},
  journal={Pontificia Universidad Catolica de Chile Documento de Trabajo},
  number={356},
  year={2010}
}

@article{McFadden74,
    title={Conditional Logit Analysis of Qualitative Choice},
    author = {McFadden, Daniel},
    address = {New York},
    booktitle = {Frontiers in Econometrics},
    citeulike-article-id = {8901247},
    editor = {Zarembka, P.},
    pages = {105--142},
    posted-at = {2011-02-28 11:46:27},
    priority = {2},
    publisher = {Academic Press},    
    year = {1974}
}

@article{berry1995automobile,
  title={Automobile prices in market equilibrium},
  author={Berry, Steven and Levinsohn, James and Pakes, Ariel},
  journal={Econometrica: Journal of the Econometric Society},
  pages={841--890},
  year={1995},
  publisher={JSTOR}
}

@article{canalesque,
  title={¿Por qué elegir una escuela particular subvencionada? Sectores medios emergentes y elección de escuela en un sistema de mercado},
  author={Canales, Manuel and Bellei, Cristián and Orellana, Víctor},
  journal={Revista Estudios Pedagógicos}
}

@article{Chumacero20111103,
    title = "I would walk 500 miles (if it paid): Vouchers and school choice in Chile ",
    journal = "Economics of Education Review ",
    volume = "30",
    number = "5",
    pages = "1103 - 1114",
    year = "2011",
    note = "Special Issue on Education and Health ",
    issn = "0272-7757",
    doi = "http://dx.doi.org/10.1016/j.econedurev.2011.05.015",
    url = "http://www.sciencedirect.com/science/article/pii/S0272775711000999",
    author = "Rómulo A. Chumacero and Daniel Gómez and Ricardo D. Paredes",
    keywords = "Vouchers",
    keywords = "School choice",
    keywords = "Distance",
    keywords = "Chile "
    }
   
@article{GOMEZ2012,
   title = {{School choice and information}},
   journal = {{Estudios de economía}},
   author={Gómez, Daniel AND Chumacero, Rómulo A AND Paredes, Ricardo D},
   ISSN = {0718-5286},
   language = {en},
   URL = {http://www.scielo.cl/scielo.php?script=sci_arttext&pid=S0718-52862012000200003&nrm=iso},
   volume = {39},
   year = {2012},
   month = {12},
   pages = {143 - 157},
   publisher = {scielocl},
   crossref = {10.4067/S0718-52862012000200003},
   }

@INPROCEEDINGS{Pelleg00x-means:extending,
    author = {Dau Pelleg and Andrew Moore},
    title = {X-means: Extending K-means with Efficient Estimation of the Number of Clusters},
    booktitle = {In Proceedings of the 17th International Conf. on Machine Learning},
    year = {2000},
    pages = {727--734},
    publisher = {Morgan Kaufmann}
	}

@article{montresordecentralized,
  title={Decentralized clustering with estimation of the number of clusters},
  author={Montresor, Alberto and Guerrieri, Alessio},
  year={2010}
}

@misc{MIME,
title={MIME - Ministerio de Educación de Chile},
url={http://www.mime.mineduc.cl/mvc/mime/portada},
journal={Mime.mineduc.cl},
author={Chile, Ministerio},
year={2018}
}
      
%=============================== Por defecto ===============================

@ARTICLE{Lorensen87marchingcubes,
	author = {William E. Lorensen and Harvey E. Cline},
	title = {Marching cubes: A high resolution 3D surface construction algorithm},
	journal = {Computer Graphics},
	year = {1987},
	volume = {21},
	number = {4},
	pages = {163--169}
}

@ARTICLE{Cline88twoalgorithms,
	author = {Harvey E. Cline and William E. Lorensen and S. Ludke and C.R. Crawford and B.C. Teeter},
	title = {Two algorithms for the three-dimensional reconstruction of tomograms},
	journal = {Medical Physics},
	year = {1988},
	month = {May},
	volume = {15},
	number = {3},
	pages = {320--327}
}

@INPROCEEDINGS{Shirley90apolygonal,
	author = {Peter Shirley and Allan Tuchman},
	title = {A Polygonal Approximation to Direct Scalar Volume Rendering},
	booktitle = {Computer Graphics},
	year = {1990},
	pages = {63--70}
}

MISC{Bloomenthal88polygonizationof,
	author = {Jules Bloomenthal},
	title = {Polygonization of Implicit Surfaces},
	year = {1988}
}

http://citeseerx.ist.psu.edu/viewdoc/summary?doi=10.1.1.23.7264
http://dl.acm.org/citation.cfm?id=55285
@article{Bloomenthal88polygonizationof,
	author = {Bloomenthal, J.},
	title = {Polygonization of implicit surfaces},
	journal = {Comput. Aided Geom. Des.},
	issue_date = {Nov. 1988},
	volume = {5},
	number = {4},
	month = nov,
	year = {1988},
	issn = {0167-8396},
	pages = {341--355},
	numpages = {15},
	url = {http://dx.doi.org/10.1016/0167-8396(88)90013-1},
	doi = {10.1016/0167-8396(88)90013-1},
	acmid = {55285},
	publisher = {Elsevier Science Publishers B. V.},
	address = {Amsterdam, The Netherlands, The Netherlands},
}

@ARTICLE{Shu95adaptivemarching,
	author = {Renben Shu and Chen Zhou and Mohan S. Kankanhalli},
	title = {Adaptive Marching Cubes},
	journal = {The Visual Computer},
	year = {1995},
	volume = {11},
	pages = {202--217}
}

@ARTICLE{Lewiner03efficientimplementation,
	author = {Thomas Lewiner and Helio Lopes and Antonio Wilson Vieira and Geovan Tavares},
	title = {Efficient implementation of Marching Cubes' cases with topological guarantees},
	journal = {Journal of Graphics Tools},
	year = {2003},
	volume = {8},
	pages = {2003}
}

@TECHREPORT{Chernyaev95marchingcubes,
	author = {Evgeni V. Chernyaev},
	title = {Marching Cubes 33: Construction of Topologically Correct Isosurfaces},
	year = {1995}
}

@ARTICLE{BAPayne90surfacemapping,
	author = {Bradley A. Payne and Arthur W. Toga},
	title = {Surface mapping brain function on 3D models},
	journal = {Computer Graphics and Applications, IEEE},
	year = {1990},
	month = {September},
	volume = {10},
	issue = {5},
	pages = {33--41}
}

MISC{Ruprecht94ascheme,
	author = {Detlef Ruprecht and Heinrich Müller},
ho	title = {A Scheme for Edge-based Adaptive Tetrahedron Subdivision},
	year = {1994}
}

http://citeseerx.ist.psu.edu/viewdoc/summary?doi=10.1.1.42.9474
http://books.google.cl/books?id=9chWtwAACAAJ
@book{Ruprecht94ascheme,
	author = {Detlef Ruprecht and Heinrich Müller},
	publisher = {Dekanat Informatik, Univ},
	series={Forschungsberichte des Fachbereichs Informatik der Universit{\"a}t Dortmund},
	title = {{A Scheme for Edge based adaptive Tetrahedron Subdivision}},
	year = {1994}
}

MISC{Dietrich_marchingcubes,
	author = {Carlos A. Dietrich and Carlos E. Scheidegger and João L. D. Comba and Luciana P. Nedel and Cláudio T. Silva and Senior Member},
	title = {Marching Cubes without Skinny Triangles},
	year = {}
}

http://130.203.133.150/viewdoc/summary;jsessionid=89B215F096F5C93E000724ECCCDD1259?doi=10.1.1.214.6950
http://dl.acm.org/citation.cfm?id=1512212
@article{Dietrich_marchingcubes,
	author = {Dietrich, Carlos A. and Scheidegger, Carlos E. and Comba, Jo\~{a}o L. D. and Nedel, Luciana P. and Silva, Cl\'{a}udio T.},
	title = {Marching Cubes without Skinny Triangles},
	journal = {Computing in Science and Engg.},
	issue_date = {March 2009},
	volume = {11},
	number = {2},
	month = mar,
	year = {2009},
	issn = {1521-9615},
	pages = {82--87},
	numpages = {6},
	url = {http://dx.doi.org/10.1109/MCSE.2009.34},
	doi = {10.1109/MCSE.2009.34},
	acmid = {1512212},
	publisher = {IEEE Educational Activities Department},
	address = {Piscataway, NJ, USA},
	keywords = {Isosurfacing, Isosurfacing, marching cubes, numerical simulation, visualization corner, marching cubes, numerical simulation, visualization corner},
} 


@MISC{Cavusoglu03eecs600nakamura,
	author = {Prof Cavusoglu},
	title = {EECS600 Nakamura, K., Manual Registration of Rendered MRI by Marching Cube Algorithm 1 3D Computer Graphics for Simulations},
	year = {2003}
}

@article{Rineau2007100,
	title = "A generic software design for Delaunay refinement meshing",
	journal = "Computational Geometry",
	volume = "38",
	number = "1–2",
	pages = "100 - 110",
	year = "2007",
	note = "Special Issue on CGAL",
	issn = "0925-7721",
	doi = "10.1016/j.comgeo.2006.11.008",
	url = "http://www.sciencedirect.com/science/article/pii/S0925772107000193",
	author = "Laurent Rineau and Mariette Yvinec",
	keywords = "Mesh generation",
	keywords = "Delaunay refinement",
	keywords = "Generic programming"
}

@inproceedings{Kazhdan2006PoissonSurfaceReconstruction,
	author = {Kazhdan, Michael and Bolitho, Matthew and Hoppe, Hugues},
	title = {Poisson surface reconstruction},
	booktitle = {Proceedings of the fourth Eurographics symposium on Geometry processing},
	series = {SGP '06},
	year = {2006},
	isbn = {3-905673-36-3},
	location = {Cagliari, Sardinia, Italy},
	pages = {61--70},
	numpages = {10},
	url = {http://dl.acm.org/citation.cfm?id=1281957.1281965},
	acmid = {1281965},
	publisher = {Eurographics Association},
	address = {Aire-la-Ville, Switzerland, Switzerland},
}

@article{Delaunay1934,
	author = {Delaunay, Boris N.},
	journal = {Bulletin of Academy of Sciences of the USSR},
	number = {6},
	pages = {793--800},
	priority = {2},
	title = {{Sur la sph\`{e}re vide}},
	year = {1934}
}